@online{cybercomgroup,
  author = "Cybercom Group",
  title = "About the Group",
  url  = "https://www.cybercom.com/About-Cybercom/About-the-Group/",
  addendum = "(accessed: 02.24.2018)"
}

@online{cybercomiot,
  author = "Cybercom Group",
  title = "Internet of Things",
  url  = "https://www.cybercom.com/what-we-do/internet-of-things/",
  addendum = "(accessed: 02.24.2018)"
}

@online{tddd96,
  author = "Programnämnden för data- och medieteknik",
  title = "Kandidatprojekt i programvaruutveckling",
  url  = "https://liu.se/studieinfo/kurs/tddd96/vt-2018",
  addendum = "(accessed: 02.24.2018)"
}

@online{tddc93,
  author = "Programnämnden för data- och medieteknik",
  title = "Programutvecklingsmetodik teori",
  url  = "https://liu.se/studieinfo/kurs/tddc93/ht-2018",
  addendum = "(accessed: 02.24.2018)"
}

@online{tsea29,
  author = "Programnämnden för data- och medieteknik",
  title = "Konstruktion med mikrodatorer, projektkurs",
  url  = "https://liu.se/studieinfo/kurs/tsea29/ht-2018",
  addendum = "(accessed: 02.24.2018)"
}

@book{lips,
  author = "Tomas Svensson, Christian Krysander",
  title = "Projektmodellen Lips",
  publisher = "Studentlitteratur AB",
  year = "2011",
  isbn="978-91-44-07525-9"
}

@online{tddd92,
  author = "Programnämnden för data- och medieteknik",
  title = "Artificiell intelligens - projekt",
  url  = "https://liu.se/studieinfo/kurs/tddd92/ht-2018",
  addendum = "(accessed: 02.24.2018)"
}
