@misc{linux-google,
  author = {Linus Torvalds},
  title = {Git - Source code control the way it was meant to be!},
  year = {2007},
  note = {Google Tech Talk}
  url = {https://www.youtube.com/watch?v=4XpnKHJAok8},
  urldate = {2018-05-05}
}

@online{vcs-popularity,
  author = {RhodeCode},
  title = {Version Control Systems Popularity},
  year = {2016},
  url = {https://rhodecode.com/insights/version-control-systems-2016},
  urldate = {2018-05-05}
}

@online{pull-request,
  author = {Atlassian},
  title = {Making a Pull Request},
  year = {2018},
  url = {https://www.atlassian.com/git/tutorials/making-a-pull-request},
  urldate = {2018-05-05}
}

