@book{bib-architecture-primer,
    title={A Software Architecture Primer},
    author={John Reekie and Rohan McAdam},
    year={2006},
    publisher={Angophore Press},
    address={Sydney, Australia}
}

@misc{bib-tidsrapportering,
    howpublished="\url{https://docs.google.com/spreadsheets/d/1mW3OsZbzP4Fu7PKR7oXfcZxurDALwAOuxchXx6rXuLE/edit?usp=sharing}",
    author={Grupp 1},
    title={Tidsrapportering}

}

@techreport{bib-kvalitetsplan,
    title={Kvalitetsplan},
    author={Grupp 1},
    year={2018},
    institution={Linköpings universitet},
    month=feb
}


@techreport{bib-kravspec,
    title={Kravspecifikation},
    author={Grupp 1},
    year={2018},
    institution={Linköpings universitet},
    month=feb
}
@techreport{bib-projektplan,
    title={Projektplan},
    author={Grupp 1},
    year={2018},
    institution={Linköpings universitet},
    month=feb
}

@techreport{bib-testplan,
    title={Testplan},
    author={Grupp 1},
    year={2018},
    institution={Linköpings universitet},
    month=feb
}
@techreport{bib-mastertestplan,
    title={Master Testplan},
    author={Grupp 1},
    year={2018},
    institution={Linköpings universitet},
    month=feb
}
@techreport{bib-systemtestplan,
    title={Systemtestplan},
    author={Grupp 1},
    year={2018},
    institution={Linköpings universitet},
    month=feb
}
@techreport{bib-acceptanstestplan,
    title={Acceptanstestplan},
    author={Grupp 1},
    year={2018},
    institution={Linköpings universitet},
    month=feb
}
@techreport{bib-enhetstestplan,
    title={Enhetstestplan},
    author={Grupp 1},
    year={2018},
    institution={Linköpings universitet},
    month=feb
}
@techreport{bib-integrationstestplan,
    title={Integrationstestplan},
    author={Grupp 1},
    year={2018},
    institution={Linköpings universitet},
    month=feb
}
@techreport{bib-testrapport,
    title={Testrapport},
    author={Grupp 1},
    year={2018},
    institution={Linköpings universitet},
    month=mar
}

@misc{bib-tddd96,
    howpublished="\url{https://liu.se/studieinfo/kurs/tddd96/vt-2018}",
    author={Linköpings universitet},
    title={Kursinformation TDDD96}

}

@misc{bib-scrum,
    howpublished="\url{https://www.scrumalliance.org/why-scrum}",
    author={Unknown},
    title={Information Scrum}

}


%https://liu.se/studieinfo/kurs/tddd96/vt-2018

@techreport{bib-gruppkontrakt,
    title={Gruppkontrakt},
    author={Grupp 1},
    year={2018},
    institution={Linköpings universitet},
    month=feb
}

@misc{bib-enkat,
   title={Kvalitetsplan},

}

@online{bib-pwa,
    author = "Google Developers",
    title = "Progressive Web Apps",
    url  = "https://developers.google.com/web/progressive-web-apps/",
    addendum = "(accessed: 09.02.2018)"
}

@online{bib-react,
    author = "Facebook Inc.",
    title = "React, A JavaScript library for building user interfaces",
    url  = "https://reactjs.org/",
    addendum = "(accessed: 01.03.2018)"
}

@online{bib-deepstream,
    author = "deepstreamHub GmbH",
    title = "next generation realtime",
    url  = "https://deepstreamhub.com/",
    addendum = "(accessed: 01.03.2018)"
}

@online{bib-pixi,
    author = "Goodboy Digital Ltd",
    title = "The HTML5 Creation Engine",
    url  = "http://www.pixijs.com/",
    addendum = "(accessed: 01.03.2018)"
}

@online{bib-gitguide,
    author = "Björn Detterfelt",
    title = "Gitguide",
    url  = "https://github.com/TDDD96-PUM-Grupp1/controller/wiki/Gitguide",
    addendum = "(accessed: 03.03.2018)"
}

@online{bib-airbnb,
    author = "Airbnb Inc.",
    title = "Airbnb JavaScript Style Guide",
    url  = "https://github.com/airbnb/javascript",
    addendum = "(accessed: 03.03.2018)"
}

@online{cybercomgroup,
  author = "Cybercom Group",
  title = "About the Group",
  url  = "https://www.cybercom.com/About-Cybercom/About-the-Group/",
  addendum = "(accessed: 02.24.2018)"
}

@online{cybercomiot,
  author = "Cybercom Group",
  title = "Internet of Things",
  url  = "https://www.cybercom.com/what-we-do/internet-of-things/",
  addendum = "(accessed: 02.24.2018)"
}

@online{tddd96,
  author = "Programnämnden för data- och medieteknik",
  title = "Kandidatprojekt i programvaruutveckling",
  url  = "https://liu.se/studieinfo/kurs/tddd96/vt-2018",
  addendum = "(accessed: 02.24.2018)"
}

@online{tddc93,
  author = "Programnämnden för data- och medieteknik",
  title = "Programutvecklingsmetodik teori",
  url  = "https://liu.se/studieinfo/kurs/tddc93/ht-2018",
  addendum = "(accessed: 02.24.2018)"
}

@online{tsea29,
  author = "Programnämnden för data- och medieteknik",
  title = "Konstruktion med mikrodatorer, projektkurs",
  url  = "https://liu.se/studieinfo/kurs/tsea29/ht-2018",
  addendum = "(accessed: 02.24.2018)"
}

@book{lips,
  author = "Tomas Svensson, Christian Krysander",
  title = "Projektmodellen Lips",
  publisher = "Studentlitteratur AB",
  year = "2011",
  isbn="978-91-44-07525-9"
}

@online{tddd92,
  author = "Programnämnden för data- och medieteknik",
  title = "Artificiell intelligens - projekt",
  url  = "https://liu.se/studieinfo/kurs/tddd92/ht-2018",
  addendum = "(accessed: 02.24.2018)"
}

@online{ieee829,
  author = " IEEE",
  title = "IEEE Std 829-2008 - IEEE Standard for Software and System Test Documentation",
  url  = "https://standards.ieee.org/findstds/standard/829-2008.html",
  addendum = "(accessed: 03.05.2018)"
}
