@online{info-flow,
	author = {flow.org},
	title = {Flow Type Checker},
	url = {https://flow.org/},
	urldate = {2018-04-23}
}

@online{js-bad,
	author = {whydoesitsuck.com},
	title = {Why Does Javascript Suck},
	url = {https://whydoesitsuck.com/why-does-javascript-suck/},
	urldate = {2018-04-23}
}

% http://ttendency.cs.ucl.ac.uk/projects/type_study/index.html


@online{type-case-study,
	author = {ttendency.cs.ucl.ac.uk},
	title = {To Type or Not to Type: Quantifying Detectable Bugs in JavaScript},
	url = {http://ttendency.cs.ucl.ac.uk/projects/type_study/index.html},
	urldate = {2018-04-23}
}

@inproceedings{Fischer:2015:EIE:2816707.2816720,
 author = {Fischer, Lars and Hanenberg, Stefan},
 title = {An Empirical Investigation of the Effects of Type Systems and Code Completion on API Usability Using TypeScript and JavaScript in MS Visual Studio},
 booktitle = {Proceedings of the 11th Symposium on Dynamic Languages},
 series = {DLS 2015},
 year = {2015},
 isbn = {978-1-4503-3690-1},
 location = {Pittsburgh, PA, USA},
 pages = {154--167},
 numpages = {14},
 doi = {10.1145/2816707.2816720},
 acmid = {2816720},
 publisher = {ACM},
 address = {New York, NY, USA},
 keywords = {code completion, empirical research, programming languages, type systems},
}

@INPROCEEDINGS{type-or-not-proceed, 
author={Z. Gao and C. Bird and E. T. Barr}, 
booktitle={2017 IEEE/ACM 39th International Conference on Software Engineering (ICSE)}, 
title={To Type or Not to Type: Quantifying Detectable Bugs in JavaScript}, 
year={2017}, 
volume={}, 
number={}, 
pages={758-769}, 
keywords={Java;program debugging;JavaScript;TypeScript;Web domain;bug detection;static type systems;Computer bugs;Documentation;Facebook;History;Measurement uncertainty;Software;Surgery;Flow;JavaScript;TypeScript;mining software repositories;static type systems}, 
doi={10.1109/ICSE.2017.75}, 
ISSN={}, 
month={May},}

% https://github.com/TDDD96-PUM-Grupp1/ui/tree/8ef1317223710033d510e73565701c91e4fb5cfe

@online{current-ui-commit,
	author = {github.com},
	title = {Current UI application commit},
	url = {https://github.com/TDDD96-PUM-Grupp1/ui/tree/8ef1317223710033d510e73565701c91e4fb5cfe},
	urldate = {2018-04-23}
}

@online{old-type-debate,
	author = {},
	title = {Static Typing Where Possible, Dynamic Typing When Needed},
	url = {http://lambda-the-ultimate.org/node/834},
	urldate = {2018-05-06}
}

@online{javascript-primitives,
	author = {MDN},
	title = {JavaScript data types and data structures},
	url = {https://developer.mozilla.org/en-US/docs/Web/JavaScript/Data_structures},
	urldate = {2018-05-06}
}

@online{javascript-type-coersion,
	author = {Alexey Samoshkin},
	title = {JavaScript type coercion explained},
	url = {https://medium.freecodecamp.org/js-type-coercion-explained-27ba3d9a2839},
	urldate = {2018-05-06}
}
