@misc{bib-enkat,
   title={Kvalitetsplan},
   
}

@misc{bib-tddd96,
    howpublished="\url{https://liu.se/studieinfo/kurs/tddd96/vt-2018}",
    author={Linköpings universitet},
    title={Kursinformation TDDD96}

}

@techreport{bib-kvalitetsplan,
    title={Kvalitetsplan},
    author={Grupp 1},
    year={2018},
    institution={Linköpings universitet},
    month=feb
}

@techreport{bib-name,
    title={title},
    author={author},
    year={XXXX},
    institution={institition},
    month={month}
}
