@mastersthesis{Zitny2017,
    author = {\v{Z}itn\'{y}, Jakub},
    title = {Analysing JavaScript and NPM at scale},
    school = {Czech Technical University in Prague, Faculty of Information Technology},
    year = {2017}
}

@article{Kula2017,
    author    = {Raula Gaikovina Kula and
               Ali Ouni and
               Daniel M. Germ{\'{a}}n and
               Katsuro Inoue},
    title     = {On the Impact of Micro-Packages: An Empirical Study of the npm JavaScript
               Ecosystem},
    journal   = {CoRR},
    volume    = {abs/1709.04638},
    year      = {2017},
    url       = {http://arxiv.org/abs/1709.04638},
    archivePrefix = {arXiv},
    eprint    = {1709.04638},
    timestamp = {Thu, 05 Oct 2017 09:43:05 +0200},
    biburl    = {https://dblp.org/rec/bib/journals/corr/abs-1709-04638},
    bibsource = {dblp computer science bibliography, https://dblp.org}
}

@mastersthesis{Hejderup2017,
    author = {Joseph Hejderup},
    title = {In Dependencies We Trust: How vulnerable are dependencies in software modules?},
    school = {Delft University of TechnologyDelft and The University of British Columbia},
    year = {2015},
    note = {uuid:3a15293b-16f6-4e9d-b6a2-f02cd52f1a9e}
}

@inproceedings{Wittern:2016,
    author = {Wittern, Erik and Suter, Philippe and Rajagopalan, Shriram},
    title = {A Look at the Dynamics of the JavaScript Package Ecosystem},
    booktitle = {Proceedings of the 13th International Conference on Mining Software Repositories},
    series = {MSR '16},
    year = {2016},
    isbn = {978-1-4503-4186-8},
    location = {Austin, Texas},
    pages = {351--361},
    numpages = {11},
    url = {http://doi.acm.org/10.1145/2901739.2901743},
    doi = {10.1145/2901739.2901743},
    acmid = {2901743},
    publisher = {ACM},
    address = {New York, NY, USA},
    keywords = {JavaScript, Node.js, software ecosystem analysis},
}

@techreport{Henry2017,
    author = {Stanley Scott Henry},
    title = {Dependency version evolution in the NPM ecosystem},
    institution = {University of British Columbia},
    year = {2017},
    number = {CPSC 448}
}

@online{npm-package.json,
  author = {npm Inc.},
  title = {package.json, Specifics of npm's package.json handling},
  year = 2018,
  url = {https://docs.npmjs.com/files/package.json},
  urldate = {2018-04-06}
}

@Article{Decan2018,
    author="Decan, Alexandre
    and Mens, Tom
    and Grosjean, Philippe",
    title="An empirical comparison of dependency network evolution in seven software packaging ecosystems",
    journal="Empirical Software Engineering",
    year="2018",
    month="Feb",
    day="10",
    issn="1573-7616",
    doi="10.1007/s10664-017-9589-y",
    url="https://doi.org/10.1007/s10664-017-9589-y"
}

@online{what-is-open-source,
  author = {Red Hat Inc.},
  title = {What is open source},
  url = {https://opensource.com/resources/what-open-source},
  urldate = {2018-04-06}
}

@online{node-timeline,
  author = {Gergely Nemeth},
  title = {History of Node.js on a Timeline},
  year = {2018},
  url = {https://blog.risingstack.com/history-of-node-js/},
  urldate = {2018-04-06}
}

@online{githut,
  author = {Fabian Beuke and Beno\^it Legat},
  title = {GitHut 2.0},
  year = {2018},
  url = {https://madnight.github.io/githut},
  urldate = {2018-04-06}
}

@online{so-survey, author = {Stack Overflow},
  title = {Stack Overflow Developer Survey Results 2018},
  year = {2018},
  url = {https://insights.stackoverflow.com/survey/2018},
  urldate = {2018-04-06}
}

@online{npm-left-pad,
  author = {Isaac Z. Schlueter},
  title = {kik, left-pad, and npm},
  year = {2016},
  url = {http://blog.npmjs.org/post/141577284765/kik-left-pad-and-npm},
  urldate = {2018-04-06}
}

@online{npm-semver,
  author = {npm Inc.},
  title = {semver, The semantic versioner for npm},
  year = {2018},
  url = {https://docs.npmjs.com/misc/semver},
  urldate = {2018-04-06}
}

@online{npm-assert,
  author = {npm Inc.},
  title = {assert npm registry entry},
  year = {2016},
  url = {https://registry.npmjs.com/assert},
  urldate = {2018-04-06}
}

@online{github-api,
  author = {GitHub Inc.},
  title = {REST API v3, Search},
  year = {2018},
  url = {https://developer.github.com/v3/search/},
  urldate = {2018-04-07}
}

@book{secure-software,
    author    = "John Viega and Gary McGraw",
    title     = "Building Secure Software",
    publisher = "Addison-Wesley",
    series   = "Addison Wesley Professional Computing Series",
    year      = "2003"
}

@book{software-metrics,
    author    = "Norman E. Fenton and Shari Lawrence Pfleeger",
    title     = "Software Metrics, A Rigorous \& Practical Approach",
    publisher = "PWS Publishing Company",
    edition  = "Second Edition",
    year      = "1997"
}

@techreport{coverity-scan2013,
    author    = "Coverity Inc.",
    title     = "Coverity Scan: 2013 Open Source Report",
    year      = "2014"
}
