@online{bib-quality-assured,
    author = "Jason Schreier",
    title = "Quality Assured: What Itâ€™s Really Like To Test Games For A Living",
    url  = "https://kotaku.com/quality-assured-what-it-s-really-like-to-play-games-fo-1720053842",
    addendum = "(accessed: 27.04.2018)"
}