@book{bib-architecture-primer,
    title={A Software Architecture Primer},
    author={John Reekie and Rohan McAdam},
    year={2006},
    publisher={Angophore Press},
    address={Sydney, Australia}
}

@techreport{bib-kravspec,
    title={Kravspecifikation},
    author={Grupp 1},
    year={2018},
    institution={Link√∂pings universitet},
    month=feb
}

@online{bib-pwa,
    author = "Google Developers",
    title = "Progressive Web Apps",
    url  = "https://developers.google.com/web/progressive-web-apps/",
    addendum = "(accessed: 09.02.2018)"
}
