@online{w3-htmldom,
	author = {w3schools.com},
	title = {JavaScript HTML DOM},
	url = {https://www.w3schools.com/js/js_htmldom.asp},
	urldate = {2018-04-12}
}

@online{w3-event,
	author = {w3schools.com},
	title={Event Objects},
	url={https://www.w3schools.com/jsref/obj_events.asp},
	urldate = {2018-04-12}
}

@online{jsx,
	author = {jsx.github.io},
	title = {JSX Docs},
	url = {https://jsx.github.io/doc/tutorial.html},
	urldate= {2018-04-12}
}

@online{react-jsx,
	author = {reactjs.org},
	title = {Introducing JSX},
	url = {https://reactjs.org/docs/introducing-jsx.html},
	urldate = {2018-04-12}
}

@online{facebook-jsx,
	author = {facebook.github.io},
	title = {JSX Specification},
	url = {https://facebook.github.io/jsx/},
	urldate = {2018-04-12}
}

@online{typescript-book,
	author = {github.com/basarat/typescript-book/graphs/contributors},
	title = {TypeScript Deep Dive},
	url = {https://basarat.gitbooks.io/typescript/docs/why-typescript.html},
	urldate = {2018-04-12}
}

@online{typescript,
	author = {Microsoft},
	title = {Typescript},
	url = {https://github.com/Microsoft/TypeScript},
	urldate = {2018-04-12}
}

@online{angular-architecture,
	author = {Google},
	title = {Architecture overview},
	url = {https://angular.io/guide/architecture},
	urldate = {2018-04-12}
}

@online{angular-modules,
	author = {Google},
	title = {Introduction to modules},
	url = {https://angular.io/guide/architecture-modules},
	urldate = {2018-04-12}
}

@online{angular-components,
	author = {Google},
	title = {Introduction to components},
	url = {https://angular.io/guide/architecture-components},
	urldate = {2018-04-15}
}

@online{angular-databinding,
	author = {wc3schools.com},
	title = {AngularJS Data Binding},
	url = {https://www.w3schools.com/angular/angular_databinding.asp},
	urldate = {2018-04-18}
}

@online{angular-services,
	author = {Google},
	title = {Introduction to services and dependency injection},
	url = {https://angular.io/guide/architecture-services},
	urldate = {2018-04-18}
}

@online{react-date,
	author = {Paul krill},
	title = {React: Making faster, smoother UIs for data-driven Web apps},
	url = {https://www.infoworld.com/article/2608181/javascript/react--making-faster--smoother-uis-for-data-driven-web-apps.html},
	urldate = {2018-04-18}
}

@online{react-components,
	author = {reactjs.org},
	title = {Components and Props},
	url = {https://reactjs.org/docs/components-and-props.html},
	urldate = {2018-04-18}
}