@misc{TheScrum6:online,
author = {},
title = {The Scrum Guide},
howpublished = {\url{http://www.scrumguides.org/docs/scrumguide/v2016/2016-Scrum-Guide-Swedish.pdf}},
month = {},
year = {},
note = {(Accessed on 04/22/2018)}
}
@misc{Usingscr27:online,
	author = {},
	title = {Using scrum to teach software engineering: A case study},
	howpublished = {\url{https://www.computer.org/csdl/proceedings/fie/2013/9999/00/06684866-abs.html}},
	month = {},
	year = {},
	note = {(Accessed on 04/23/2018)}
}
@misc{WhatisSc87:online,
	author = {},
	title = {What is Scrum? | Agile Alliance},
	howpublished = {\url{https://www.agilealliance.org/glossary/scrum#q=~(filters~(postType~(~'page~'post~'aa_book~'aa_event_session~'aa_experience_report~'aa_glossary~'aa_research_paper~'aa_video)~tags~(~'scrum))~searchTerm~'~sort~false~sortDirection~'asc~page~1)}},
	month = {},
	year = {},
	note = {(Accessed on 04/23/2018)}
}