@online{Usingscr27:online,
	author = {},
	title = {
	 to teach software engineering: A case study},
	howpublished = {\url{https://www.computer.org/csdl/proceedings/fie/2013/9999/00/06684866-abs.html}},
	month = {},
	year = {},
	note = {(hämtad on 2018-04-23)}
}
@online{WhatisSc87:online,
	author = {},
	title = {What is Scrum? | Agile Alliance},
	howpublished = {\url{https://www.agilealliance.org/glossary/scrum#q=~(filters~(postType~(~'page~'post~'aa_book~'aa_event_session~'aa_experience_report~'aa_glossary~'aa_research_paper~'aa_video)~tags~(~'scrum))~searchTerm~'~sort~false~sortDirection~'asc~page~1)}},
	month = {},
	year = {},
	note = {(hämtad on 2018-04-23)}
}
@online{theWaterFall,
	title = {The unmodified ''waterfall model''. Progress flows from the top to the bottom, like a cascading waterfall.},
	howpublished = {\url{https://upload.wikimedia.org/wikipedia/commons/b/bf/Waterfall_model_revised.svg}},
	note = {(hämtad on 04/26/2018)}
}
@inproceedings{managing,
	title={Managing the development of large software systems: concepts and techniques},
	author={Royce, Winston W},
	booktitle={Proceedings of the 9th international conference on Software Engineering},
	pages={328--338},
	year={1987},
	organization={IEEE Computer Society Press}
}
@online{WaterfalM,
	title = {Waterfall Model: What Is It and When Should You Use It?},
	url = {https://airbrake.io/blog/sdlc/waterfall-model},
	urldate = {2018-05-06}
}
@online{WaterFal47:online,
	author = {},
	title = {WaterFall Model in Software Developement Life Cycle | SDLC},
	howpublished = {\url{http://toolsqa.com/software-testing/waterfall-model/}},
	month = {},
	year = {},
	note = {(hämtad on 2018-04-26)}
}
@online{GameDesign,
	author = {},
	title = {ASEE PEER - Game Design and Development Capstone Project Assessment Using Scrum},
	howpublished = {\url{https://peer.asee.org/game-design-and-development-capstone-project-assessment-using-scrum}},
	month = {},
	year = {},
	note = {(hämtad on 2018-04-26)}
}
@online{AgileToo72:online,
	author = {},
	title = {Agile Tools | Project Management Open-Source and Free Software},
	howpublished = {\url{http://www.agile-tools.net/scrum}},
	month = {},
	year = {},
	note = {(hämtad on 2018-04-26)}
}
@article{aamir2017incorporating,
	title={Incorporating quality control activities in scrum in relation to the concept of test backlog},
	author={Aamir, Muhammad and Khan, Muhammad Naeem Ahmed},
	journal={S{\=a}dhan{\=a}},
	volume={42},
	number={7},
	pages={1051--1061},
	year={2017},
	publisher={Springer}
}
@online{UseofAgi59:online,
	author = {},
	title = {Use of Agile Methods in Software Engineering Education - IEEE Conference Publication},
	howpublished = {\url{https://ieeexplore-ieee-org.e.bibl.liu.se/document/5261088/}},
	month = {},
	year = {},
	note = {(hämtad on 2018-04-27)}
}
@online{overvakn73:online,
  author = {npm Inc.},
  title = {Övervakning och bedömning av flygledares prestanda},
  year = {},
  url = {http://liu.diva-portal.org/smash/record.jsf?dswid=4621&pid=diva2%3A1112080&c=1&searchType=SIMPLE&language=en&query=%C3%96vervakning+och+bed%C3%B6mning+av+flygledares+prestanda&af=%5B%5D&aq=%5B%5B%5D%5D&aq2=%5B%5B%5D%5D&aqe=%5B%5D&noOfRows=50&sortOrder=author_sort_asc&sortOrder2=title_sort_asc&onlyFullText=false&sf=all},
  urldate = {2018-04-27}
}
