@techreport{bib-name,
    title={title},
    author={author},
    year={XXXX},
    institution={institition},
    month={month}
}

@techreport{bib-kvalitetsplan,
    title={Kvalitetsplan},
    author={Grupp 1},
    year={2018},
    institution={Linköpings universitet},
    month={Februari}
}


@techreport{bib-testplan,
    title={Testplan},
    author={Grupp 1},
    year={2018},
    institution={Linköpings universitet},
    month={Februari}
}


@techreport{bib-gruppkontrakt,
    title={Gruppkontrakt},
    author={Grupp 1},
    year={2018},
    institution={Linköpings universitet},
    month={Februari}
}



