@techreport{bib-name,
    title={title},
    author={author},
    year={XXXX},
    institution={institition},
    month={month}
}
