@online{ds-briteback,
    author = {deepstreamHub GmbH},
    title = {briteback},
    url = {https://deepstreamhub.com/use-cases/briteback/},
    urldate = {2018-04-17}
}

@online{IoT-ecosystem,
    author = {IoT Innovation},
    title = {Defining the IoT Ecosystem},
    url = {https://internet-of-things-innovation.com/iot-ecosystem/},
    urldate = {2018-04-17} 
}

@online{deepstream,
    author = {deepstreamHub GmbH},
    title = {next generation realtime},
    url = {https://deepstreamhub.com/},
    urldate = {2018-04-17} 
}

@online{ds-usecases,
    author = {deepstreamHub GmbH},
    title = {Use cases},
    url = {https://deepstreamhub.com/use-cases/},
    urldate = {2018-04-17}
}
